
@article{nabli_curriculum_2020,
	title = {Curriculum learning for multilevel budgeted combinatorial problems},
	volume = {abs/2007.03151},
	url = {https://arxiv.org/abs/2007.03151},
	journaltitle = {{CoRR}},
	author = {Nabli, Adel and Carvalho, Margarida},
	urldate = {2022-01-29},
	date = {2020},
	eprinttype = {arxiv},
	eprint = {2007.03151},
}

@article{daskalakis_independent_2021,
	title = {Independent Policy Gradient Methods for Competitive Reinforcement Learning},
	volume = {abs/2101.04233},
	url = {https://arxiv.org/abs/2101.04233},
	journaltitle = {{CoRR}},
	author = {Daskalakis, Constantinos and Foster, Dylan J. and Golowich, Noah},
	urldate = {2022-01-29},
	date = {2021},
	eprinttype = {arxiv},
	eprint = {2101.04233},
}